%% This BibTeX bibliography file was created using BibDesk.
%% http://bibdesk.sourceforge.net/

%% Saved with string encoding Unicode (UTF-8) 

@article{Hawkins:04,
    title={The Problem of Overfitting},
    author={Hawkins, D. M.},
    journal={Journal of Chemical Information and Computer Sciences},
    volume={44},
    number={1},
    pages={1--12},
    year={2004},
    publisher={ACS Publications}
}

@book{Kennedy:01,
	Author = {J. Kennedy and R. C. Eberhart and C. Russel and J. F. Kennedy and Y. Shi},
	Publisher = {Morgan Kaufmann},
	Title = {Swarm Intelligence},
	Year = {2001}
}

@incollection{Ackley:88,
	Author = {Ackley, D. H. and Hinton, G. E. and Sejnowski, T. J.},
	Booktitle = {Connectionist Models and their Implications: Readings from Cognitive Science},
	Title = {A Learning Algorithm for Boltzmann Machines},
	Numpages = {23},
	pages = {285--307},
	Publisher = {Ablex Publishing Corp.},
	Year = {1988},
}

@incollection{Welling:05,
	Author = {Welling, M. and M. Rosen-zvi and G. E. Hinton},
	Booktitle = {Advances in Neural Information Processing Systems 17},
	Pages = {1481--1488},
	Publisher = {MIT Press},
	Title = {Exponential Family Harmoniums with an Application to Information Retrieval},
	Year = {2005},
}

@article{Hinton:02,
	Author = {Hinton, G. E.},
	Journal = {Neural Computation},
	Number = {8},
	Numpages = {30},
	Pages = {1771--1800},
	Publisher = {MIT Press},
	Title = {Training Products of Experts by Minimizing Contrastive Divergence},
	Volume = {14},
	Year = {2002},
}

@incollection{Hinton:12,
	Author = {Hinton, G. E.},
	Booktitle = {Neural Networks: Tricks of the Trade},
	Pages = {599--619},
	Publisher = {Springer},
	Title = {A Practical Guide to Training Restricted Boltzmann Machines},
	Year = {2012}
}

@inproceedings{Tieleman:08,
author = {Tieleman, T.},
title = {Training Restricted Boltzmann Machines Using Approximations to the Likelihood Gradient},
booktitle = {Proceedings of the 25th International Conference on Machine Learning},
year = {2008},
pages = {1064--1071},
publisher = {ACM},
} 

@inproceedings{Desjardins:10,
author = {G. Desjardins and A. Courville and Y. Bengio and P. Vincent and O. Delalleau},
title = {Parallel tempering for training of restricted boltzmann machines},
booktitle = {Proceedings of the Thirteenth International Conference on Artificial Intelligence and Statistics},
publisher = {MIT Press},
volume = {9},
pages = {145--152},
year = {2010}
}

@book{Bishop:95,
author =       {C. Bishop},
title =        {Neural networks for pattern recognition},
publisher =    {Oxford University Press},
year =         {1995},
}

@article{Arel:10,
author={Arel, I. and Rose, D. C. and Karnowski, T.P.},
journal={IEEE Computational Intelligence Magazine},
publisher={IEEE},
title={Deep machine learning - A new frontier in artificial intelligence research},
year={2010},
volume={5},
number={4},
pages={13--18},
}

@article{Farabet:13,
author={Farabet, C. and Couprie, C. and Najman, L. and LeCun, Y.},
journal={IEEE Transactions on Pattern Analysis and Machine Intelligence},
publisher={IEEE},
title={Learning Hierarchical Features for Scene Labeling},
year={2013},
volume={35},
number={8},
pages={1915--1929},
}

@incollection{Socher:11,
author = {Socher, R. and E. H. Huang and J. Pennin and C. D. Manning and A. Y. Ng},
booktitle = {Advances in Neural Information Processing Systems 24},
pages = {801--809},
publisher = {Curran Associates},
title = {Dynamic Pooling and Unfolding Recursive Autoencoders for Paraphrase Detection},
year = {2011},
}

@incollection{Kavukcuoglu:10,
author = {Kavukcuoglu, K. and P. Sermanet and Y. Boureau and K. Gregor and M. Mathieu and Y. L. Cun},
booktitle = {Advances in Neural Information Processing Systems 23},
pages = {1090--1098},
publisher = {Neural Information Processing Systems},
title = {Learning Convolutional Feature Hierarchies for Visual Recognition},
year = {2010},
}

@article{LeCun:98,
author={LeCun, Y. and Bottou, L. and Bengio, Y. and Haffner, P.},
journal={Proceedings of the IEEE},
publisher={IEEE},
title={Gradient-based learning applied to document recognition},
volume={86},
number={11},
pages={2278--2324},
year={1998}
}

@inproceedings{LeCun:10,
author={LeCun, Y. and Kavukcuoglu, K. and Farabet, C.},
title={Convolutional networks and applications in vision},
booktitle={Proceedings of 2010 IEEE International Symposium on Circuits and Systems},
publisher={IEEE},
pages={253--256},
year={2010}
}

@inproceedings{Simard:03,
author = {Simard, P. Y. and Steinkraus, D. and Platt, J. C.},
title = {Best Practices for Convolutional Neural Networks Applied to Visual Document Analysis},
booktitle = {Proceedings of the Seventh International Conference on Document Analysis and Recognition},
address = {Washington, DC, USA},
pages = {958--963},
publisher = {IEEE Computer Society},
year = {2003}
}

@inproceedings{LeCun:04,
author={LeCun, Y. and F. J. Huang and Bottou, L.},
booktitle={Proceedings of the IEEE Conference on Computer Vision and Pattern Recognition},
title={Learning methods for generic object recognition with invariance to pose and lighting},
year={2004},
volume={2},
pages={97--104},
}

@inproceedings{Collobert:08,
author = {Collobert, R. and Weston, J.},
title = {A Unified Architecture for Natural Language Processing: Deep Neural Networks with Multitask Learning},
booktitle = {Proceedings of the 25th International Conference on Machine Learning},
year = {2008},
location = {Helsinki, Finland},
pages = {160--167},
publisher = {ACM},
address = {New York, NY, USA},
}

@InProceedings{Wan:13,
author =    {Wan, L. and Zeiler, M. and Zhang, S. and LeCun, Y. and Fergus, R.},
title =     {Regularization of Neural Networks using DropConnect},
booktitle = {International Conference on Machine learning},
publisher = {JMLR},
volume = {3},
pages = {1058--1066},
year =      {2013},
}

@ARTICLE{Nowlan92,
author={S. J. Nowlan and G. E. Hinton},
journal={Neural Computation},
publisher={MIT Press},
title={Simplifying Neural Networks by Soft Weight-Sharing},
year={1992},
volume={4},
number={4},
pages={473-493},
}

@Article{Iosifidis:15,
author = {Iosifidis, A. and Tefas, A. and Pitas, I.},
title = {DropELM},
journal = {Neurocomputing},
volume = {162},
number = {C},
year = {2015},
issn = {0925-2312},
pages = {57--66},
publisher = {Elsevier Science Publishers B. V.},
}

@Article{Srivastava:14,
author = {Srivastava, N. and Hinton, G. E. and Krizhevsky, A. and Sutskever, I. and Salakhutdinov, R.},
title = {Dropout: A Simple Way to Prevent Neural Networks from Overfitting},
journal = {The Journal of Machine Learning Research},
volume = {15},
number = {1},
year = {2014},
pages = {1929--1958},
publisher = {JMLR},
}

@article{Xiong11,
author = {Xiong, H. Y. and Barash, Y. and Frey, B. J.},
title = {Bayesian Prediction of Tissue-regulated Splicing Using RNA Sequence and Cellular Context},
journal = {Bioinformatics},
volume = {27},
number = {18},
year = {2011},
pages = {2554--2562},
numpages = {9},
publisher = {Oxford University Press},
}

@article{Fukushima:82,
author = {K. Fukushima and S. Miyake},
journal = {Pattern Recognition},
publisher = {Elsevier},
number = {6},
pages = {455--469},
title = {Neocognitron: A new algorithm for pattern recognition tolerant of deformations and shifts in position},
volume = {15},
year = {1982},
}

@inproceedings{LeCun:90,
author = {LeCun, Y. and Boser, B. and Denker, J. S. and Howard, R. E. and Habbard, W. and Jackel, L. D. and Henderson, D.},
title = {Handwritten Digit Recognition with a Back-Propagation Network},
booktitle = {Advances in Neural Information Processing Systems},
year = {1990},
pages = {396--404},
publisher = {Morgan Kaufmann},
}

@article{LeCun:89,
author = {LeCun, Y. and Boser, B. and Denker, J. S. and Henderson, D. and Howard, R. E. and Hubbard, W. and Jackel, L. D.},
title = {Backpropagation Applied to Handwritten Zip Code Recognition},
journal = {Neural Computation},
volume = {1},
number = {4},
year = {1989},
pages = {541--551},
publisher = {MIT Press},
}

@inproceedings{Cox:11,
author={Cox, D. and Pinto, N.},
booktitle={Automatic Face \& Gesture Recognition and Workshops (FG 2011)},
title={Beyond simple features: A large-scale feature search approach to unconstrained face recognition},
publisher={IEEE},
pages={8--15},
year={2011}
}

@article{Geisler:92,
author = {Geisler, W. S. and Albrecht, D. G.},
title = {Cortical neurons: Isolation of contrast gain control},
journal = {Vision Research},
publisher = {Elsevier},
volume = {32},
number = {8},
pages = {1409--1410},
year = {1992}
}

@article{jia:2014,
Author = {Y. Jia and E. Shelhamer and J. Donahue and S. Karayev and J. Long and R. Girshick and S. Guadarrama and T. Darrell},
Journal = {arXiv preprint arXiv:1408.5093},
Title = {Caffe: Convolutional Architecture for Fast Feature Embedding},
Year = {2014}
}

@article{Wilcoxon:45,
Author = {F. Wilcoxon},
Journal = {Biometrics Bulletin},
publisher = {JSTOR},
Number = {6},
Pages = {80--83},
Title = {Individual Comparisons by Ranking Methods},
Volume = {1},
Year = {1945}
}

@article{Yang:2010fa,
author = {Yang, X.-S.},
title = {Firefly algorithm, stochastic test functions and design optimisation},
journal = {International Journal Bio-Inspired Computing},
volume = {2},
number = {2},
year = {2010},
pages = {78--84},
publisher = {Inderscience Publishers},
}

@article{Wu:15,
title={Towards dropout training for convolutional neural networks},
author={Wu, H. and Gu, X.},
journal={Neural Networks},
volume={71},
pages={1--10},
year={2015},
publisher={Elsevier}
}

@inproceedings{Dahl:13,
title={Improving deep neural networks for LVCSR using rectified linear units and dropout},
author={Dahl, G. E. and Sainath, T. N. and Hinton, G. E.},
booktitle={2013 IEEE International Conference on Acoustics, Speech and Signal Processing},
pages={8609--8613},
year={2013},
organization={IEEE}
}

@incollection{Yang:10,
title={A new metaheuristic bat-inspired algorithm},
author={Yang, X.-S.},
booktitle={Nature inspired cooperative strategies for optimization (NICSO 2010)},
pages={65--74},
year={2010},
publisher={Springer}
}

@article{Yang:CS,
title={Engineering optimisation by cuckoo search},
author={Yang, X.-S. and Deb, S.},
journal={International Journal of Mathematical Modelling and Numerical Optimisation},
volume={1},
number={4},
pages={330--343},
year={2010},
publisher={Inderscience Publishers}
}

@article{Hinton:06,
Author = {Hinton, G. E. and Osindero, S. and Teh, Y.-W.},
Journal = {Neural Computation},
Number = {7},
Pages = {1527--1554},
Publisher = {MIT Press},
Title = {A Fast Learning Algorithm for Deep Belief Nets},
Volume = {18},
Year = {2006}
}

@inproceedings{Shusen:10, 
    author={S. Zhou and Q. Chen and X. Wang}, 
    booktitle={17th IEEE International Conference on Image Processing}, 
    publisher={IEEE},
    title={Discriminative Deep Belief Networks for image classification}, 
    pages={1561--1564}, 
    year={2010}, 
}

@book{Smolensky:86,
Author = {Smolensky, P.},
Title = {Parallel Distributed Processing: Explorations in the Microstructure of Cognition},
volume = {1},
Publisher = {MIT Press},
Year = {1986}
}

@article{SalakhutdinovNC:12,
Author = {Salakhutdinov, R. and Hinton, G. E.},
Journal = {Neural Computation},
publisher = {MIT Press},
Number = {8},
Pages = {1967--2006},
Title = {An Efficient Learning Procedure for Deep Boltzmann Machines},
Volume = {24},
Year = {2012}
}

@inproceedings{PapaGECCO:15,
	author = {J. P. Papa and G. H. Rosa and K. A. P. Costa and A. N. Marana and W. Scheirer and D. D. Cox},
	title = {On the Model Selection of Bernoulli Restricted Boltzmann Machines Through Harmony Search},
	booktitle = {Genetic and Evolutionary Computation Conference},
	location = {Madrid, Spain},
	note = {(accepted for publication)},
	year = {2015}
}

@article{PapaASC:15,
	author = {J. P. Papa and W. Scheirer and D. D. Cox},
	title = {Fine-Tuning Deep Belief Networks Using Harmony Search},
	journal = {Applied Soft Computing},
	publisher = {Elsevier},
	volume = {46},
 	number = {C},
 	pages = {875--885},
	year = {2016}
}

@article{PapaJCS:15,
	Author = {J. P. Papa and G. H. Rosa and A. N. Marana and W. Scheirer and D. D. Cox},
	Title = {Model selection for Discriminative Restricted Boltzmann Machines through meta-heuristic techniques},
	Issn = {1877-7503},
	Journal = {Journal of Computational Science},
	Number = {0},
	Pages = {14-18},
	Volume = {9},
	Year = {2015},
}

@article{Graham:14,
  title={Fractional max-pooling},
  author={Graham, B.},
  journal={arXiv preprint arXiv:1412.6071},
  year={2014}
}

@article{Clevert:15,
  title={Fast and accurate deep network learning by exponential linear units (elus)},
  author={Clevert, D. and Unterthiner, T. and Hochreiter, S.},
  journal={arXiv preprint arXiv:1511.07289},
  year={2015}
}

@article{Hinton:12Speech,
  title={Deep neural networks for acoustic modeling in speech recognition: The shared views of four research groups},
  author={Hinton, G. E. and Deng, L. and Yu, D. and Dahl, G. E. and Mohamed, A. and Jaitly, N. and Senior, A. and Vanhoucke, V. and Nguyen, P. and Sainath, T. N.},
  journal={IEEE Signal Processing Magazine},
  volume={29},
  number={6},
  pages={82--97},
  year={2012},
  publisher={IEEE}
}

@article{moore65,
author = {Moore, G. E.},
doi = {10.1109/jproc.1998.658762},
issn = {0018-9219},
journal = {Electronics},
month = Apr,
number = {8},
pages = {114--117},
publisher = {IEEE},
title = {{Cramming More Components onto Integrated Circuits}},
volume = {38},
year = {1965}
}

@book{dixit90,
  title={Optimization in economic theory},
  author={Dixit, A. K.},
  year={1990},
  publisher={Oxford University Press}
}

@article{wilkinson12,
  title={Practical aspects of applied optimized survey design for electrical resistivity tomography},
  author={Wilkinson, P. B. and Loke, M. H. and Meldrum, P. I. and Chambers, J. E. and Kuras, O. and Gunn, D. A. and Ogilvy, R. D.},
  journal={Geophysical Journal International},
  volume={189},
  number={1},
  pages={428--440},
  year={2012},
  publisher={Oxford University Press}
}

@article{cheng10,
  title={Space mapping design framework exploiting tuning elements},
  author={Cheng, Q. S. and Bandler, J. W. and Koziel, S.},
  journal={IEEE Transactions on Microwave Theory and Techniques},
  volume={58},
  number={1},
  pages={136--144},
  year={2010},
  publisher={IEEE}
}

@article{rao11,
  title={Teaching--learning-based optimization: a novel method for constrained mechanical design optimization problems},
  author={Rao, R. V. and Savsani, V. J. and Vakharia, D. P.},
  journal={Computer-Aided Design},
  volume={43},
  number={3},
  pages={303--315},
  year={2011},
  publisher={Elsevier}
}

@article{goldberg87,
  title={Genetic algorithms in pipeline optimization},
  author={Goldberg, D. E. and Kuo, C. H.},
  journal={Journal of Computing in Civil Engineering},
  volume={1},
  number={2},
  pages={128--141},
  year={1987},
  publisher={American Society of Civil Engineers}
}

@article{papadimitriou77,
  title={The Euclidean travelling salesman problem is NP-complete},
  author={Papadimitriou, C. H.},
  journal={Theoretical Computer Science},
  volume={4},
  number={3},
  pages={237--244},
  year={1977},
  publisher={Elsevier}
}

@book{rao09,
  title={Engineering optimization: theory and practice},
  author={Rao, S. S. and Rao, S. S.},
  year={2009},
  publisher={John Wiley \& Sons}
}

@book{rardin98,
  title={Optimization in operations research},
  author={Rardin, R. L.},
  volume={166},
  year={1998},
  publisher={Prentice Hall}
}

@article{barone98,
  title={Geometry optimization of molecular structures in solution by the polarizable continuum model},
  author={Barone, V. and Cossi, M. and Tomasi, J.},
  journal={Journal of Computational Chemistry},
  volume={19},
  number={4},
  pages={404--417},
  year={1998},
  publisher={Wiley Online Library}
}

@article{konno91,
  title={Mean-absolute deviation portfolio optimization model and its applications to Tokyo stock market},
  author={Konno, H. and Yamazaki, H.},
  journal={Management Science},
  volume={37},
  number={5},
  pages={519--531},
  year={1991},
  publisher={INFORMS}
}

@book{bertsekas99,
  title={Nonlinear programming},
  author={Bertsekas, D. P.},
  year={1999},
  publisher={Athena Scientific}
}

@article{yang_review,
  title={Review of meta-heuristics and generalised evolutionary walk algorithm},
  author={Yang, X.-S.},
  journal={International Journal of Bio-Inspired Computation},
  volume={3},
  number={2},
  pages={77--84},
  year={2011},
  publisher={Inderscience Publishers}
}

@book{payne05,
  title={The Cuckoos},
  author={Payne, R. B.},
  year={2005},
  publisher={Oxford University Press}
}

@article{brown07,
  title={L{\'e}vy flights in Dobe Ju/'hoansi foraging patterns},
  author={Brown, C. T. and Liebovitch, L. S. and Glendon, R.},
  journal={Human Ecology},
  volume={35},
  number={1},
  pages={129--138},
  year={2007},
  publisher={Springer}
}

@article{pavlyukevich07,
  title={L{\'e}vy flights, non-local search and simulated annealing},
  author={Pavlyukevich, I.},
  journal={Journal of Computational Physics},
  volume={226},
  number={2},
  pages={1830--1844},
  year={2007},
  publisher={Elsevier}
}

@article{tibshirani96,
  title={Regression shrinkage and selection via the lasso},
  author={Tibshirani, R.},
  journal={Journal of the Royal Statistical Society, Series B},
  volume={58},
  pages={267--288},
  year={1996},
  publisher={JSTOR}
}

@article{hoerl70,
  title={Ridge regression: Biased estimation for nonorthogonal problems},
  author={Hoerl, A. E. and Kennard, R. W.},
  journal={Technometrics},
  volume={12},
  number={1},
  pages={55--67},
  year={1970},
  publisher={Taylor \& Francis Group}
}

@inproceedings{larochelle08,
  title={Classification using discriminative restricted Boltzmann machines},
  author={Larochelle, H. and Bengio, Y.},
  booktitle={Proceedings of the 25th international conference on Machine learning},
  pages={536--543},
  year={2008},
  organization={ACM}
}

@article{mcculloch43,
  title={A logical calculus of the ideas immanent in nervous activity},
  author={McCulloch, W. S. and Pitts, W.},
  journal={The Bulletin of Mathematical Biophysics},
  volume={5},
  number={4},
  pages={115--133},
  year={1943},
  publisher={Springer}
}

@article{rosenblatt58,
  title={The perceptron: a probabilistic model for information storage and organization in the brain},
  author={Rosenblatt, F.},
  journal={Psychological Review},
  volume={65},
  number={6},
  pages={386},
  year={1958},
  publisher={American Psychological Association}
}

@book{minsky69,
   title = "Perceptrons: an introduction to computational geometry",
   author = "Minsky, M. and Papert, S.",
   publisher = "MIT Press",
   year = 1969
}

@article{fukushima75,
  title={Cognitron: A self-organizing multilayered neural network},
  author={Fukushima, K.},
  journal={Biological Cybernetics},
  volume={20},
  number={3},
  pages={121--136},
  year={1975},
  publisher={Springer}
}

@article{fukushima80,
  title={Neocognitron: A self-organizing neural network model for a mechanism of pattern recognition unaffected by shift in position},
  author={Fukushima, K.},
  journal={Biological Cybernetics},
  volume={36},
  number={4},
  pages={193--202},
  year={1980},
  publisher={Springer}
}

@book{rumelhart88,
  title={Parallel distributed processing},
  author={Rumelhart, D. E. and McClelland, J. L. and PDP Research Group},
  volume={1},
  year={1988},
  publisher={IEEE}
}

@article{mcclelland86,
  title={The appeal of parallel distributed processing},
  author={McClelland, J. L. and Rumelhart, D. E. and Hinton, G. E.},
  journal={MIT Press},
  pages={3--44},
  year={1986}
}

@inproceedings{hinton86,
  title={Learning distributed representations of concepts},
  author={Hinton, G. E.},
  booktitle={Proceedings of the Eighth Annual Conference of the Cognitive Science Society},
  publisher={Cognitive Science Society},
  volume={1},
  pages={47--60},
  year={1986},
}

@article{rumelhart88b,
  title={Learning representations by back-propagating errors},
  author={Rumelhart, D. E. and Hinton, G. E. and Williams, R. J.},
  journal={Nature},
  publisher={Nature Publishing Group},
  volume={323},
  pages={533--536},
  year={1986}
}

@phdthesis{le87,
  title={Mod{\`e}les connexionnistes de l'apprentissage},
  author={LeCun, Y.},
  year={1987},
  school={Paris 6}
}

@article{bengio94,
  title={Learning long-term dependencies with gradient descent is difficult},
  author={Bengio, Y. and Simard, P. and Frasconi, P.},
  journal={IEEE Transactions on Neural Networks},
  volume={5},
  number={2},
  pages={157--166},
  year={1994},
  publisher={IEEE}
}

@misc{Hochreiter:91,
  author = {Hochreiter, S.},
  title = {Untersuchungen zu dynamischen neuronalen Netzen. Diploma thesis, Institut f\"{u}r Informatik, Technische Universit\"{a}t M\"{u}nchen},
  year = 1991
}

@article{hochreiter97,
  title={Long short-term memory},
  author={Hochreiter, S. and Schmidhuber, J.},
  journal={Neural Computation},
  volume={9},
  number={8},
  pages={1735--1780},
  year={1997},
  publisher={MIT Press}
}

@article{ghiso02,
  title={Amyloidosis and Alzheimer’s disease},
  author={Ghiso, J. and Frangione, B.},
  journal={Advanced Drug Delivery Reviews},
  volume={54},
  number={12},
  pages={1539--1551},
  year={2002},
  publisher={Elsevier}
}

@article{hubel62,
  title={Receptive fields, binocular interaction and functional architecture in the cat's visual cortex},
  author={Hubel, D. and Wiesel, T.},
  journal={The Journal of physiology},
  volume={160},
  number={1},
  pages={106--154},
  year={1962},
  publisher={Wiley Online Library}
}

@incollection{papa18,
  title={On the Hypercomplex-Based Search Spaces for Optimization Purposes},
  author={Papa, J. P. and Rosa, G. H. and Yang, X.-S.},
  booktitle={Nature-Inspired Algorithms and Applied Optimization},
  pages={119--147},
  year={2018},
  publisher={Springer}
}



